{
  "leader": "09314cam a2200565 a 4500",
  "fields": [
    {
      "001": "ocm00023275\\"
    },
    {
      "003": "OCoLC"
    },
    {
      "005": "20220104102814.0"
    },
    {
      "008": "690829s1969\\\\\\\\cau\\\\\\\\\\\\b\\\\\\\\001\\0\\eng\\\\"
    },
    {
      "010": {
        "ind1": "\\",
        "ind2": "\\",
        "subfields": [
          {
            "a": "   69016921 "
          }
        ]
      }
    },
    {
      "040": {
        "ind1": "\\",
        "ind2": "\\",
        "subfields": [
          {
            "a": "DLC"
          },
          {
            "b": "eng"
          },
          {
            "c": "DLC"
          },
          {
            "d": "NLM"
          },
          {
            "d": "EL{dollar}"
          },
          {
            "d": "MUQ"
          },
          {
            "d": "BAKER"
          },
          {
            "d": "BTCTA"
          },
          {
            "d": "OCLCG"
          },
          {
            "d": "UAB"
          },
          {
            "d": "DEBBG"
          },
          {
            "d": "TPH"
          },
          {
            "d": "H9Z"
          },
          {
            "d": "OCLCF"
          },
          {
            "d": "P4I"
          },
          {
            "d": "OCLCQ"
          },
          {
            "d": "OCLCO"
          },
          {
            "d": "OCL"
          },
          {
            "d": "OCLCA"
          },
          {
            "d": "OCLCQ"
          },
          {
            "d": "OCLCO"
          },
          {
            "d": "OCLCA"
          },
          {
            "d": "CNUTO"
          },
          {
            "d": "HN#"
          },
          {
            "d": "OCLCO"
          },
          {
            "d": "OCLCA"
          },
          {
            "d": "OCLCQ"
          },
          {
            "d": "NLC"
          },
          {
            "d": "XFF"
          },
          {
            "d": "OCLCO"
          },
          {
            "d": "DHA"
          },
          {
            "d": "OCLCA"
          },
          {
            "d": "OCLCQ"
          },
          {
            "d": "OCLCO"
          },
          {
            "d": "TYC"
          },
          {
            "d": "OKR"
          },
          {
            "d": "BOS"
          },
          {
            "d": "CPO"
          },
          {
            "d": "AU@"
          },
          {
            "d": "OCLCO"
          },
          {
            "d": "OCLCQ"
          },
          {
            "d": "OCLCO"
          },
          {
            "d": "OCLCA"
          },
          {
            "d": "DCHUA"
          },
          {
            "d": "OCLCO"
          },
          {
            "d": "CNO"
          },
          {
            "d": "OCLCO"
          },
          {
            "d": "NKM"
          },
          {
            "d": "OCLCO"
          },
          {
            "d": "OCLCQ"
          },
          {
            "d": "OCLCO"
          },
          {
            "d": "OCLCQ"
          },
          {
            "d": "SAB"
          },
          {
            "d": "OCLCQ"
          },
          {
            "d": "YBM"
          },
          {
            "d": "IL4J6"
          },
          {
            "d": "OCLCO"
          }
        ]
      }
    },
    {
      "016": {
        "ind1": "7",
        "ind2": "\\",
        "subfields": [
          {
            "a": "0250527"
          },
          {
            "2": "DNLM"
          }
        ]
      }
    },
    {
      "019": {
        "ind1": "\\",
        "ind2": "\\",
        "subfields": [
          {
            "a": "926755515"
          },
          {
            "a": "962864321"
          },
          {
            "a": "964614157"
          },
          {
            "a": "966886208"
          },
          {
            "a": "968430345"
          },
          {
            "a": "970965013"
          },
          {
            "a": "972342348"
          },
          {
            "a": "974464089"
          },
          {
            "a": "977317389"
          },
          {
            "a": "1058601092"
          },
          {
            "a": "1077962042"
          },
          {
            "a": "1200996275"
          },
          {
            "a": "1201570578"
          },
          {
            "a": "1201604672"
          },
          {
            "a": "1201630861"
          },
          {
            "a": "1201633352"
          },
          {
            "a": "1201811271"
          },
          {
            "a": "1201837570"
          },
          {
            "a": "1201887642"
          },
          {
            "a": "1201961731"
          },
          {
            "a": "1201970349"
          },
          {
            "a": "1202004318"
          },
          {
            "a": "1202008174"
          }
        ]
      }
    },
    {
      "020": {
        "ind1": "\\",
        "ind2": "\\",
        "subfields": [
          {
            "a": "0716706709"
          }
        ]
      }
    },
    {
      "020": {
        "ind1": "\\",
        "ind2": "\\",
        "subfields": [
          {
            "a": "9780716706700"
          }
        ]
      }
    },
    {
      "035": {
        "ind1": "\\",
        "ind2": "\\",
        "subfields": [
          {
            "a": "(OCoLC)23275"
          },
          {
            "z": "(OCoLC)926755515"
          },
          {
            "z": "(OCoLC)962864321"
          },
          {
            "z": "(OCoLC)964614157"
          },
          {
            "z": "(OCoLC)966886208"
          },
          {
            "z": "(OCoLC)968430345"
          },
          {
            "z": "(OCoLC)970965013"
          },
          {
            "z": "(OCoLC)972342348"
          },
          {
            "z": "(OCoLC)974464089"
          },
          {
            "z": "(OCoLC)977317389"
          },
          {
            "z": "(OCoLC)1058601092"
          },
          {
            "z": "(OCoLC)1077962042"
          },
          {
            "z": "(OCoLC)1200996275"
          },
          {
            "z": "(OCoLC)1201570578"
          },
          {
            "z": "(OCoLC)1201604672"
          },
          {
            "z": "(OCoLC)1201630861"
          },
          {
            "z": "(OCoLC)1201633352"
          },
          {
            "z": "(OCoLC)1201811271"
          },
          {
            "z": "(OCoLC)1201837570"
          },
          {
            "z": "(OCoLC)1201887642"
          },
          {
            "z": "(OCoLC)1201961731"
          },
          {
            "z": "(OCoLC)1201970349"
          },
          {
            "z": "(OCoLC)1202004318"
          },
          {
            "z": "(OCoLC)1202008174"
          }
        ]
      }
    },
    {
      "050": {
        "ind1": "0",
        "ind2": "0",
        "subfields": [
          {
            "a": "HB851"
          },
          {
            "b": ".H28 1969"
          }
        ]
      }
    },
    {
      "060": {
        "ind1": "0",
        "ind2": "0",
        "subfields": [
          {
            "a": "HB 851"
          },
          {
            "b": "H262p 1969"
          }
        ]
      }
    },
    {
      "082": {
        "ind1": "0",
        "ind2": "0",
        "subfields": [
          {
            "a": "301.32"
          },
          {
            "b": "POP"
          }
        ]
      }
    },
    {
      "245": {
        "ind1": "0",
        "ind2": "0",
        "subfields": [
          {
            "a": "Population, evolution, and birth control :"
          },
          {
            "b": "a collage of controversial ideas /"
          },
          {
            "c": "assembled by Garrett Hardin."
          }
        ]
      }
    },
    {
      "250": {
        "ind1": "\\",
        "ind2": "\\",
        "subfields": [
          {
            "a": "2nd ed."
          }
        ]
      }
    },
    {
      "260": {
        "ind1": "\\",
        "ind2": "\\",
        "subfields": [
          {
            "a": "San Francisco, Calif. :"
          },
          {
            "b": "W.H. Freeman,"
          },
          {
            "c": "[1969]"
          }
        ]
      }
    },
    {
      "300": {
        "ind1": "\\",
        "ind2": "\\",
        "subfields": [
          {
            "a": "xvi, 386 pages ;"
          },
          {
            "c": "24 cm"
          }
        ]
      }
    },
    {
      "336": {
        "ind1": "\\",
        "ind2": "\\",
        "subfields": [
          {
            "a": "text"
          },
          {
            "b": "txt"
          },
          {
            "2": "rdacontent"
          }
        ]
      }
    },
    {
      "337": {
        "ind1": "\\",
        "ind2": "\\",
        "subfields": [
          {
            "a": "unmediated"
          },
          {
            "b": "n"
          },
          {
            "2": "rdamedia"
          }
        ]
      }
    },
    {
      "338": {
        "ind1": "\\",
        "ind2": "\\",
        "subfields": [
          {
            "a": "volume"
          },
          {
            "b": "nc"
          },
          {
            "2": "rdacarrier"
          }
        ]
      }
    },
    {
      "490": {
        "ind1": "1",
        "ind2": "\\",
        "subfields": [
          {
            "a": "A Series of books in biology"
          }
        ]
      }
    },
    {
      "504": {
        "ind1": "\\",
        "ind2": "\\",
        "subfields": [
          {
            "a": "Includes bibliographical references and index."
          }
        ]
      }
    },
    {
      "505": {
        "ind1": "0",
        "ind2": "\\",
        "subfields": [
          {
            "a": "Mathus starts the argument / Garrett Hardin -- An essay on the principle of population / Thomas Robert Malthus -- Doubling times and population growth / Garrett Hardin -- Fecundity and prosperity / Han Fei-Tzu -- The blessings of catastrophes / Tertullian -- Utopia / Thomas More -- Trust in God / Martin Luther -- Observations concerning the increase on mankind / Benjamin Franklin -- Various prospects of mankind, nature, and providence / Robert Wallace -- Is charity compatible with stability? / Garrett Hardin -- A dissertation on the poor laws / joseph Townsend -- What if the world be an island and we have no dogs? / Garrett Hardin -- The checks to population / William Forster Lloyd -- Malthus under attack / Garrett Hardin -- An enquiry into the principles of population / Thomas Rowe Edmonds -- The true law of populations / Thomas Doubleday -- The prevalence of people / Marston Bates -- Cassandra gets a hearing / Garrett Hardin -- One man's family / Glenn D. Everett -- How many people have ever lived on Earth? / Annabelle Desmond -- Denial and the gift of history / Garrett Hardin -- Deserts on the march / Paul B. Sears -- The Wail of Kashmir / Lee Merriman Talbot -- Can Egypt survive progress / Raymond F. Dasmann -- Nothing to worry about / Sir John Boyd Orr -- The challenge of man's future / Harrison Brown -- How many people can the World support? / J.H. Fremlin -- The value of life- An additive function? / Some Noble Lords -- What is the optimum population? / P.K. Whelpton -- Marx versus Malthus / William Petersen -- The demographic foundations of national power / Kingsley Davis -- A prerequisite to sensitivity / Willard L. Sperry -- Inescapable materialism / The Panchatantra -- The necessity of choice / The Bible -- The ethical dilemma of science / A.V. Hill -- Response to misery / Gerald F. Winfield -- The utterly dismal theorem / Kenneth E. Boulding -- To feed the hungry / Charles G. Wilber -- Hungry Nations / William and Paul Paddock -- In memory of Malthus/ tragic feast / Garrett Hardin -- A medical aspect of the population problem / Alan Gregg -- The first fatal steps toward civilization / Marston Bates -- Eden was no garden / Nigel Calder -- Wilderness and the camel's nose / Raymond B. Cowles -- Has hunting a future? / Archie Carr -- Should we treat the symptoms or the disease? / Garrett Hardin -- Population density and social pathology / John B. Calhoun -- Migration as a solution / George Kuriyan -- The demographic open door policy / Emma Lazaurs -- World population / Colin Clark -- Population, reality, and escapist literature / Garrett Hardin -- Interstellar migration and the population problem / Garrett Hardin -- The economics of the coming spaceship earth / Kenneth E. Boulding -- Population and freedom / Joseph J. Spengler -- The vulnerability of civilization / Norbert Wiener -- Famine- 1975! / William and Paul Paddock -- Paying the piper / Paul R. Ehrlich."
          }
        ]
      }
    },
    {
      "505": {
        "ind1": "0",
        "ind2": "\\",
        "subfields": [
          {
            "a": "The unwelcoming of natural selection / Garrett Hardin -- The economy of nature / Aristotle -- Elimination of the unfit / Lucretieus -- Maud, the eugenic milkmaid / Thomas Robert Malthus -- Natural theology / William Paley -- In memoriam / Alfred Tennyson -- Did Adam have a navel? / Garrett Hardin -- Omphalos: an attempt to untie the geological knot / Philip Henry Gosse -- Omphalos scorned / Charles Kingsley -- Autobiography / Charles Darwin -- Letter to Asa Gray / Charles Darwin -- The origin of species / Charles Darwin -- The Huxley-Wilberforce Debate / Thomas Henry Huxley -- An alternative to Paley / Charles Kingseley -- The art of publishing obscurely / Garrett Hardin -- On the importance of words / Charles Darwin -- Darwin refuted / Anonymous -- Dover Beach / Matthew Arnold -- Liberation from Paley / Francis Galton -- The history of materialism / Frederick Albert Lange -- The Darwinian theory and the argument from design / Alvar Ellegard -- In praise of waste / Garrett Hardin -- The ancient and honorable history of contraception / Garrett Hardin -- Be fruitful and multiply / The Bible -- \"Nature\" as norm in Tertullian / Arthur O. Lovejoy -- On sex, love, and contraception / Thomas Robert Malthus -- Conscience and courage: the life of Francis Place / Garrett Hardin -- To the married of both sexes of the working people / Francis Place -- Disguised infanticide / William L. Langer -- On woman's place in nature / The Rev. William John Knox Little -- The first five lives of Annie Besant / Arthur H. Nethercot -- Fighters against Comstockery / Peter Fryer -- An autobiography / Margaret Sanger -- Birth control and the Christian Churches / Flann Campbell -- Resistance to birth control within the medical profession / Garrett Hardin -- Birth control and Catholic doctrine / Alvah W. Sulloway -- Birth control and dogma / Various -- How good is the rhythm method? / Garrett Hardin -- Catholic opinion of Rock's book / Daniel S. Greenberg -- Natural law / Frederick E. Flynn -- The ghost of authority / Garrett Hardin -- Anguish after John / Vatican papers -- Japan's population / David Cushman Coyle -- Abortion reform spreads in U.S. / News Reports -- Abortion in anthropological perspective / Garrett Hardin -- The right to life / Norman St. John-Stevas -- The crucial question about abortion / Thomas A. Wassmer, -- Abortion -- or compulsory pregnancy? / Garrett Hardin -- Sterilization in India / News Reports -- Sterilization degrading / Lord Justice Denning -- Sterilization in Puerto Rico / Clarence Senior -- Some religious scruples / Norman St. John -Stevas -- Technical characteristics of sterilization / Garrett Hardin -- Dick and Jane: what is pornography? / Garrett Hardin -- Advice on the choice of a mistress / Benjamin Franklin -- A theory of sexual sharing / John Humphrey Noyes -- A gynecological study of the Oneida community / Ely Van de Warker, -- Judge Lindsey and the companionate marriage / Garrett Hardin -- The companionship tailored to occupation / Richard L. Meier -- The road not taken / Robert Frost -- Raising per capita income through fewer births / Stephen Enke -- The non-baby bonus / Raymond B. Cowles -- Marketable licenses for babies / Kenneth E. Boulding -- Population policy: will current programs succeed? / Kingsley Davis -- How to save the ship / Paul R. Ehrlich -- The tragedy of the commons / Garrett Hardin."
          }
        ]
      }
    },
    {
      "520": {
        "ind1": "\\",
        "ind2": "\\",
        "subfields": [
          {
            "a": "Provides readings for any course dealing with the social impact of science."
          }
        ]
      }
    },
    {
      "583": {
        "ind1": "\\",
        "ind2": "\\",
        "subfields": [
          {
            "a": "commitment to retain"
          },
          {
            "c": "20151204"
          },
          {
            "2": "pda"
          },
          {
            "5": "OTUTLD"
          }
        ]
      }
    },
    {
      "630": {
        "ind1": "0",
        "ind2": "0",
        "subfields": [
          {
            "a": "Poblacio\u0301n."
          }
        ]
      }
    },
    {
      "650": {
        "ind1": "\\",
        "ind2": "0",
        "subfields": [
          {
            "a": "Population."
          }
        ]
      }
    },
    {
      "650": {
        "ind1": "\\",
        "ind2": "0",
        "subfields": [
          {
            "a": "Evolution."
          }
        ]
      }
    },
    {
      "650": {
        "ind1": "\\",
        "ind2": "0",
        "subfields": [
          {
            "a": "Birth control."
          }
        ]
      }
    },
    {
      "650": {
        "ind1": "\\",
        "ind2": "2",
        "subfields": [
          {
            "a": "Biological Evolution"
          }
        ]
      }
    },
    {
      "650": {
        "ind1": "\\",
        "ind2": "2",
        "subfields": [
          {
            "a": "Family Planning Services"
          }
        ]
      }
    },
    {
      "650": {
        "ind1": "\\",
        "ind2": "2",
        "subfields": [
          {
            "a": "Population"
          }
        ]
      }
    },
    {
      "630": {
        "ind1": "0",
        "ind2": "7",
        "subfields": [
          {
            "a": "Poblacio\u0301n."
          },
          {
            "2": "fast"
          },
          {
            "0": "(OCoLC)fst01789985"
          }
        ]
      }
    },
    {
      "650": {
        "ind1": "\\",
        "ind2": "7",
        "subfields": [
          {
            "a": "Birth control."
          },
          {
            "2": "fast"
          },
          {
            "0": "(OCoLC)fst00833148"
          }
        ]
      }
    },
    {
      "650": {
        "ind1": "\\",
        "ind2": "7",
        "subfields": [
          {
            "a": "Evolution."
          },
          {
            "2": "fast"
          },
          {
            "0": "(OCoLC)fst00917265"
          }
        ]
      }
    },
    {
      "650": {
        "ind1": "\\",
        "ind2": "7",
        "subfields": [
          {
            "a": "Population."
          },
          {
            "2": "fast"
          },
          {
            "0": "(OCoLC)fst01071476"
          }
        ]
      }
    },
    {
      "655": {
        "ind1": "\\",
        "ind2": "2",
        "subfields": [
          {
            "a": "Essay"
          }
        ]
      }
    },
    {
      "700": {
        "ind1": "1",
        "ind2": "\\",
        "subfields": [
          {
            "a": "Hardin, Garrett,"
          },
          {
            "d": "1915-2003,"
          },
          {
            "e": "editor."
          }
        ]
      }
    },
    {
      "830": {
        "ind1": "\\",
        "ind2": "0",
        "subfields": [
          {
            "a": "Series of books in biology (W.H. Freeman and Company)"
          }
        ]
      }
    },
    {
      "856": {
        "ind1": "4",
        "ind2": "1",
        "subfields": [
          {
            "3": "Table of contents"
          },
          {
            "u": "http://bvbr.bib-bvb.de:8991/F?func=service&doc_library=BVB01&local_base=BVB01&doc_number=001857430&line_number=0001&func_code=DB_RECORDS&service_type=MEDIA"
          }
        ]
      }
    },
    {
      "994": {
        "ind1": "\\",
        "ind2": "\\",
        "subfields": [
          {
            "a": "Z0"
          },
          {
            "b": "NYRVC"
          }
        ]
      }
    },
    {
      "948": {
        "ind1": "\\",
        "ind2": "\\",
        "subfields": [
          {
            "h": "NO HOLDINGS IN NYRVC - 1246 OTHER HOLDINGS"
          }
        ]
      }
    },
    {
      "999": {
        "ind1": "\\",
        "ind2": "\\",
        "subfields": [
          {
            "a": "No barcode."
          }
        ]
      }
    }
  ]
}